@article{loftus1974,
author = "Elizabeth F Loftus and John C Palmer",
year = "1974",
title = "Reconstruction of Automobile Destruction: An Example of the Interaction Between Language and Memory",
journal = "Journal of Verbal Learning and Verbal Behavior",
volume = "13(5)",
pages = " 585--589",
doi = "10.1016/S0022-5371(74)80011-3",
}

@article{fillmore1974,
author = {C J Fillmore and D. T. Langendoen},
year = {1973},
title = {Studies in linguistic semantics},
journal = {Journal of Linguistics},
volume = {9(1)},
pages = { 585--589},
doi = {10.1017/S0022226700003571},
}
@article{carmichael1932,
author = {L Carmichael and H P Hogen and A A Walter},
year = {1932},
title = {An experimental study of the effect of language on the reproduction of visually perceived form.},
journal = {Journal of Experimental Psychology},
volume = {15(1)},
pages = { 585--589},
doi = {10.1037/h0072671},
}

@article{Stark2010,
author = {Stark, Craig and Okado, Yoko and Loftus, Elizabeth},
year = {2010},
month = {10},
pages = {485-8},
title = {Imaging the reconstruction of true and false memories using sensory reactivation and the misinformation paradigms},
volume = {17},
journal = {Learning and memory (Cold Spring Harbor, N.Y.)},
doi = {10.1101/lm.1845710}
}
@article{Kahneman1974,
author = {Amos Tversky and Daniel Kahneman},
title = {Judgment under Uncertainty: Heuristics and Biases},
journal = {Science},
volume = {185},
number = {4157},
pages = {1124-1131},
year = {1974},
doi = {10.1126/science.185.4157.1124},
}
@misc{6,
author = {The Jamovi project},
year = {2022},
title = {jamovi},
version = {2.3},
format = {Computer software},
url = {https://www.jamovi.org},
}
@misc{7,
author = {R Core Team},
year = {2021},
title = {R: A Language and environment for statistical computing},
version = {4.1},
format = {Computer software},
url = {https://cran.r-project.org},
}
@misc{8,
author = {J Fox AND S Weisberg},
year = {2020},
title = {car: Companion to Applied Regression},
format = {R package},
url = {https://cran.r-project.org/package=car},
}

@misc{key,
  author       = {},
  howpublished = {},
  title        = {},
  year         = {}
}